@misc{Heroku,
  title = {{Heroku} Cloud Application Framework},
  howpublished = {\url{http://heroku.com}}
}

@misc{NodeJS,
  title = {{Node.js} project page},
  howpublished = {\url{http://nodejs.org/}}
}

@misc{Express,
  title = {{Express} project page},
  howpublished = {\url{http://expressjs.com/}}
}

@misc{Restify,
  title = {{Restify} project page},
  howpublished = {\url{http://mcavage.me/node-restify/}}
}

@misc{Mongoose,
  title = {{Mongoose} project page},
  howpublished = {\url{http://mongoosejs.com/}}
}

@misc{Foreman,
  title = {{Foreman} GitHub repository},
  howpublished = {\url{http://github.com/ddollar/foreman}}
}

@misc{Jade,
  title = {{Jade} project page},
  howpublished = {\url{http://jade-lang.com/}}
}

@misc{Sass,
  title = {{Sass}, Systactically Awesome Stylesheets},
  howpublished = {\url{http://sass-lang.com/}}
}

@misc{Bootstrap,
  title = {{Bootstrap} project page },
  howpublished = {\url{http://getbootstrap.com/}}
}

@misc{Eclipse,
  title = {{Eclipse} IDE},
  howpublished = {\url{http://www.eclipse.org/}}
}

@misc{GoogleMaps,
  title = {{Google Maps} Javascript API v3},
  howpublished = {\url{https://developers.google.com/maps/documentation/javascript/}}
}

@misc{Transloadit,
  title = {{Transloadit}},
  howpublished = {\url{https://transloadit.com/}}
}

@misc{MongoDB,
  title = {{MongoDB}},
  howpublished = {\url{http://mongodb.org/}}
}

@misc{SQLite,
  title = {{SQLite}},
  howpublished = {\url{http://sqlite.org/}}
}

@misc{Git,
  title = {{Git}},
  howpublished = {\url{http://git-scm.com/}}
}

@misc{GitHub,
  title = {{GitHub}},
  howpublished = {\url{https://github.com/}}
}

@misc{SublimeText,
  title = {{Sublime Text}},
  howpublished = {\url{http://www.sublimetext.com/}}
}

@misc{Android,
  title = {{Android}},
  howpublished = {\url{http://developer.android.com/about/index.html}}
}

@misc{AndroidGit,
  title = {Repositorio de la app de {Android}},
  howpublished = {\url{https://github.com/MyConference/MyConference-Android}}
}

@misc{DespliegueAndroid,
  title = {Distribución de versiones de {Android}},
  howpublished = {\url{https://developer.android.com/about/dashboards/index.html?utm_source=ausdroid.net}}
}

@misc{AndroidAuth,
  title = {Tutorial para la autenticación en {Android}},
  howpublished = {\url{http://udinic.wordpress.com/2013/04/24/write-your-own-android-authenticator/}}
}

@misc{ABS,
  title = {{ActionBarSherlock}},
  howpublished = {\url{http://actionbarsherlock.com/}}
}

@misc{AmazingListView,
  title = {{AmazingListView}},
  howpublished = {\mbox{\url{https://code.google.com/p/android-amazing-listview/}}}
}

@misc{TutorialGoogleMaps,
  title = {Tutorial para incluir {Google Maps} en {Android}},
  howpublished = {\url{https://developers.google.com/maps/documentation/android/start#installing_the_google_maps_android_v2_api}}
}

@misc{BaseDatosAndroid,
  title = {Tutorial para la creación de la base de datos en {Android}},
  howpublished = {\url{http://developer.android.com/guide/topics/providers/content-provider-creating.html}}
}

@misc{DisenioAndroid,
  title = {Guía de diseño para {Android}},
  howpublished = {\url{https://developer.android.com/design/patterns/navigation-drawer.html}}
}

@misc{TedConnect,
  title = {Aplicación de {TedConnect} en {Google Play}},
  howpublished = {\url{https://play.google.com/store/apps/details?id=com.ted.android.conference&hl=es}}
}

@misc{JornadasGerencia,
  title = {Página web de las {Jornadas de Gerencia Universitaria}},
  howpublished = {\url{http://www.ucm.es/jornadasgerencia}}
}

@misc{PIC,
  title = {Página web del congreso {PIC 2014}},
  howpublished = {\url{http://pic.sjtu.edu.cn/}}
}
